@misc{blog,
   author = {Rey Alicea},
   title =  {Blog do autor},
   year = {2012},
   howpublished = {http://reyaliceagames.wordpress.com/},
   note = {Online em Outubro 2012}
}

@misc{gamegeek,
   author = {Rey Alicea},
   title =  {Boardgamegeek},
   year = {2012},
   howpublished = {http://boardgamegeek.com/image/1405108/moai},
   note = {Online em Outubro 2012}
}

@misc{developerzen,
   author = {Eran Kampf},
   title =  {Four in a row  game in Prolog},
   year = {2009},
   howpublished = {http://www.developerzen.com/2004/09/30/four-in-a-row-game-in-prolog/},
   note = {Online em Novembro 2012}
}


% ver formatacoes em http://en.wikibooks.org/wiki/LaTeX/Bibliography_Management ou http://en.wikipedia.org/wiki/BibTeX ou noutro site

